% Author: Lighton Phiri
% Date: August 2012
% Purpose: BibTeX dissertation file
% 
% Initially imported from Mendeley, but subsequently manually modified.
% 

@online{Coyle2009,
title = {{Guidelines for Dublin Core Application Profiles}},
author = {Coyle, Karen and Baker, Thomas},
year = {2009},
url = {http://dublincore.org/documents/2009/05/18/profile-guidelines},
@note = {Online; accessed September 5, 2012},
urldate = {2012-09-05}
}

@article{Fox1995,
title = {{Digital Libraries}},
author = {Fox, Edward A. and Akscyn, Robert M. and Furuta, Richard K. and Leggett, John J.},
journaltitle = {Communications of the ACM},
year = {1995},
month = apr,
volume = {38},
number = {4},
pages = {22--28},
@url = {http://portal.acm.org/citation.cfm?doid=205323.205325},
doi = {10.1145/205323.205325},
issn = {00010782}
}

@inbook{Arms2000,
title = {{Libraries, Technology, and People}},
author = {Arms, William Y.},
booktitle = {{Digital Libraries}},
year = {2001},
chapter = {Chapter 1},
pages = {1--20},
address = {Cambridge, Massachusetts},
editor = {Arms, William Y.},
edition = {2nd},
publisher = {The MIT Press},
@url = {http://www.cs.cornell.edu/wya/DigLib/},
isbn = {0-262-01180-8}
}

@article{Gonccalves2004,
title = {{Streams, Structures, Spaces, Scenarios, Societies (5s): A Formal Model for Digital Libraries}},
author = {Gon\c{c}alves, Marcos Andr\'{e} and Fox, Edward A. and Watson, Layne T. and Kipp, Neill A.},
journaltitle = {ACM Transactions on Information Systems},
year = {2004},
month = apr,
volume = {22},
number = {2},
pages = {270--312},
address = {New York, NY, USA},
publisher = {ACM Press},
doi = {10.1145/984321.984325},
@url = {http://portal.acm.org/citation.cfm?doid=984321.984325},
issn = {10468188},
}

@report{Candela2007,
title = {{The DELOS Digital Library Reference Model}},
subtitle = {{Foundations for Digital Libraries}},
author = {Candela, Leonardo and Castelli, Donatella and  Pagano, Pasquale and Thanos, Constantino and Ioannidis, Yannis and Koutrika, Georgia and  Ross, Seamus and  Schek, Hans-J\"{o}rg and Schuldt, Heiko},
institution = {DELOS Network of Excellence on Digital Libraries},
year = {2008},
version = {0.98},
publisher = {ISTI-CNR at Gruppo ALI},
url = {http://eprints.port.ac.uk/4104},
@note = {Online; accessed January 9, 2012},
urldate = {2012-01-09}
}

@article{Candela2007a,
title = {{Setting the Foundations of Digital Libraries}},
subtitle = {{The DELOS Manifesto}},
author = {Candela, Leonardo and Castelli, Donatella and  Pagano, Pasquale and Thanos, Constantino and Ioannidis, Yannis and Koutrika, Georgia and  Ross, Seamus and  Schek, Hans-J
\"{o}rg and Schuldt, Heiko},
journaltitle = {D-Lib Magazine},
journalsubtitle = {The Magazine of Digital Library Research},
doi = {10.1045/march2007-castelli},
year = {2007},
month = mar,
volume = {13},
number = {3/4},
@url = {http://www.dlib.org/dlib/march07/castelli/03castelli.html},
}

@online{Hart1992,
title = {{Project Gutenberg}},
subtitle = {{The History and Philosophy of Project Gutenberg}},
author = {Hart, Michael},
year = {1992},
url = {http://www.gutenberg.org/wiki/Gutenberg:The_History_and_Philosophy_of_Project_Gutenberg_by_Michael_Hart},
@note = {Online; accessed January 9, 2012},
urldate = {2012-01-09}
}

@article{Griffin1998,
title = {{NSF/DARPA/NASA Digital Libraries Initiative}},
author = {Griffin, Stephen M.},
journaltitle = {D-Lib Magazine},
journalsubtitle = {The Magazine of Digital Library Research},
year = {1998},
month = jul,
volume = {4},
number = {7/8},
@url = {http://www.dlib.org/dlib/july98/07griffin.html},
doi = {10.1045/july98-griffin},
issn = {1082-9873}
}

@book{Adam1995,
title = {{Digital Libraries Current Issues}},
series = {Lecture Notes in Computer Science},
year = {1995},
volume = {916},
address = {Berlin, Heidelberg},
editor = {Adam, Nabil R. and Bhargava, Bharat K. and Yesha, Yelena},
publisher = {Springer-Verlag},
@url = {http://www.springerlink.com/index/10.1007/BFb0026845},
doi = {10.1007/BFb0026845},
isbn = {3-540-59282-2}
}

@online{DCMI1999,
title = {{Dublin Core Metadata Element Set, Version 1.1}},
organization = {Dublin Core Metadata Initiative},
year = {1999},
url = {http://www.dublincore.org/documents/dces},
@note = {Online; accessed January 9, 2012},
urldate = {2012-01-09}
}

@inproceedings{Lorist2001,
title = {{Standards for Digital Libraries and Archives: Digital Longevity}},
author = {Lorist, Jeroen H. H. and Meer, Kees van der},
booktitle = {Proceedings of the 1st International Workshop on New Developments in Digital Libraries: In Conjunction with ICEIS 2001},
year = {2001},
pages = {89--98},
publisher = {ICEIS Press},
@url = {http://citeseerx.ist.psu.edu/viewdoc/download?doi=10.1.1.3.8371\&amp;rep=rep1\&amp;type=pdf}
}

@article{Dempsey1996,
title = {{The Warwick Metadata Workshop: A Framework for the Deployment of Resource Description}},
author = {Dempsey, Lorcan and Weibel, Stuart L.},
journaltitle = {D-Lib Magazine},
journalsubtitle = {The Magazine of Digital Library Research},
year = {1996},
month = jul,
volume = {2},
number = {7/8},
publisher = {Online Computer Library Center},
@url = {http://www.dlib.org/dlib/july96/07weibel.html},
doi = {10.1045/july96-weibel}
}

@report{Lagoze1996,
title = {{The Warwick Framework}},
subtitle = {{A Container Architecture for Aggregating Sets of Metadata}},
author = {Lagoze, Carl and Lynch, Clifford A. and Daniel, Ron},
institution = {Cornell University},
year = {1996},
@url = {http://hdl.handle.net/1813/7248},
eprint = {1813/7248},
eprinttype = {hdl}
}

@article{Lagoze1996a,
title = {{The Warwick Framework}},
subtitle = {{A Container Architecture for Diverse Sets of Metadata}},
author = {Lagoze, Carl},
journaltitle = {D-Lib Magazine},
journalsubtitle = {The Magazine of Digital Library Research},
year = {1996},
month = jul,
volume = {2},
number = {7/8},
@url = {http://www.dlib.org/dlib/july96/lagoze/07lagoze.html},
doi = {10.1045/july96-lagoze},
issn = {1082-9873}
}

@article{Arms1995,
title = {{Key Concepts in the Architecture of the Digital Library}},
author = {Arms, William Y.},
journaltitle = {D-Lib Magazine},
journalsubtitle = {The Magazine of Digital Library Research},
year = {1995},
month = jul,
volume = {1},
number = {1},
@url = {http://www.dlib.org/dlib/July95/07arms.html},
doi = {10.1045/july95-arms},
issn = {1082-9873}
}

@article{Paepcke1998,
title = {{Interoperability for Digital Libraries Worldwide}},
author = {Paepcke, Andreas and Chang, Chen-chuan K and Winograd, Terry and Garc\'{\i}a-Molina, H\'{e}ctor},
journaltitle = {Communications of the ACM},
year = {1998},
month = apr,
volume = {41},
number = {4},
pages = {33--42},
publisher = {ACM Press},
@url = {http://portal.acm.org/citation.cfm?doid=273035.273044},
doi = {10.1145/273035.273044},
issn = {00010782}
}

@inproceedings{Goncalves2001,
title = {{MARIAN : Flexible Interoperability for Federated Digital Libraries}},
author = {Gon\c{c}alves, Marcos Andr\'{e} and France, Robert K. and Fox, Edward A.},
booktitle = {Proceedings of the 5th European Conference on Research and Advanced Technology for Digital Libraries},
year = {2001},
address = {London, United Kingdom},
editor = {Constantopoulos, Panos and S{\o}lvberg, Ingeborg},
doi = {10.1007/3-540-44796-2\_16}
}

@article{Lynch1994,
title = {The Z39.50 Information Retrieval Protocol: An Overview and Status Report},
author = {Lynch, Clifford A.},
journaltitle = {SIGCOMM Computer Communication Review},
year = {1991},
month = jan,
volume = {21},
number = {1},
pages = {58--70},
address = {New York, USA},
publisher = {ACM Press},
@url = {http://doi.acm.org/10.1145/116030.116035},
doi = {10.1145/116030.116035},
issn = {0146-4833}
}

@online{Lagoze2002,
title = {{The Open Archives Initiative Protocol for Metadata Harvesting}},
author = {Lagoze, Carl and  Sompel, Herbert Van de and Nelson, Michael and Warner, Simeon},
year = {2002},
url ={http://www.openarchives.org/OAI/openarchivesprotocol.html},
@note = {Online; accessed January 9, 2012},
urldate = {2012-01-09}
}

@online{Winer2007,
title = {{RSS Advisory Board}},
author = {Winer, Dave},
subtitle = {{RSS 2.0 Specification}},
url = {http://www.rssboard.org/rss-specification},
publisher = {Berkman Center for Internet \& Society},
year = {2007},
@note = {Online; accessed September 10, 2012},
urldate = {2012-09-10}
}

@article{Arms1997,
title = {{An Architecture for Information in Digital Libraries}},
author = {Arms, William Y. and Blanchi, Christophe and Overly, Edward A.},
journaltitle = {D-Lib Magazine},
journalsubtitle = {The Magazine of Digital Library Research},
year = {1997},
month = feb,
volume = {3},
number = {2},
@url = {http://www.dlib.org/dlib/february97/cnri/02arms1.html},
doi = {10.1045/february97-arms},
issn = {1082-9873}
}

@report{IEEE2002,
title = {{Draft Standard for Learning Object Metadata}},
subtitle = {{Final Draft Standard}},
organization = {Learning Technology Standards Committee},
institution = {Institute of Electrical and Electronics Engineers},
year = {2002},
url = {http://ltsc.ieee.org/wg12/files/LOM_1484_12_1_v1_Final_Draft.pdf},
@note = {Online; accessed September 13, 2012},
urldate = {2012-09-13}
}

@inbook{Suleman2010,
title = {{Interoperability in Digital Libraries}},
author = {Suleman, Hussein},
booktitle = {{E-Publishing and Digital Libraries: Legal and Organizational Issues}},
chapter = {Chapter 2},
pages = {31--47},
year = {2010},
editor = {Iglezakis, Ioannis and Synodinou, Tatiana-Eleni and Kapidakis, Sarantos},
publisher = {IGI Global},
@url = {http://pubs.cs.uct.ac.za/archive/00000680},
doi = {10.4018/978-1-60960-031-0.ch002}
}

@inproceedings{Suleman2010a,
title = {{Hybrid Online-Offline Digital Collections}},
author = {Suleman, Hussein and Bowes, Marc and Hirst, Matthew and Subrun, Suraj},
booktitle = {Proceedings of the 2010 Annual Research Conference of the South African Institute of Computer Scientists and Information Technologists},
year = {2010},
pages = {421--425},
address = {Bela Bela, South Africa},
publisher = {ACM Press},
@url = {http://portal.acm.org/citation.cfm?doid=1899503.1899558},
doi = {10.1145/1899503.1899558},
isbn = {9781605589503}
}

@article{Strand1994,
title = {{Applications Thrive on Open Systems Standards}},
author = {Strand, Eric J. and Mehta, Rajiv P. and Jairam, Raju},
journaltitle = {StandardView},
year = {1994},
month = sep,
volume = {2},
number = {3},
pages = {148--154},
publisher = {ACM Press},
@url = {http://portal.acm.org/citation.cfm?doid=202749.202757},
doi = {10.1145/202749.202757},
issn = {10679936}
}

@report{MacKenzie2006,
title = {{Reference Model for Service Oriented Architecture 1.0}},
subtitle = {OASIS Standard, 12 October 2006},
author = {MacKenzie, Matthew and Laskey, Ken and McCabe, Francis and Brown, Peter F. and Metz, Rebekah and Hamilton, Booz Allen},
institution = {Organization for the Advancement of Structured Information Standards},
year = {2006},
url = {http://docs.oasis-open.org/soa-rm/v1.0},
@note = {Online; accessed September 13, 2012},
urldate = {2012-09-13}
}

@article{Kahn2006,
title = {{A framework for distributed digital object services}},
author = {Kahn, Robert and Wilensky, Robert},
affiliation = {Corporation for National Research Initiatives Reston VA Reston VA},
journaltitle = {International Journal on Digital Libraries},
year = {2006},
month = mar,
volume = {6},
number = {2},
pages = {115-123},
address = {Berlin, Heidelberg},
publisher = {Springer-Verlag},
@url = {http://www.springerlink.com/index/10.1007/s00799-005-0128-x},
doi = {10.1007/s00799-005-0128-x},
issn = {1432-5012}
}

@inproceedings{Suleman2008,
title = {{An African Perspective on Digital Preservation}},
author = {Suleman, Hussein},
booktitle = {Proceedings of the International Workshop on Digital Preservation of Heritage and Research Issues in Archiving and Retrieval},
address = {Kolkata, India},
year = {2008}
}

@inproceedings{Suleman2007,
title = {Digital Libraries Without Databases: The Bleek and Lloyd Collection},
author = {Suleman, Hussein},
booktitle = {Proceedings of the 11th European Conference on Research and Advanced Technology for Digital Libraries},
pages = {392--403},
year = {2007},
address = {Berlin, Heidelberg},
editor = {Kov\'{a}cs, L\'{a}szl\'{o} and Fuhr, Norbert and Meghini, Carlo},
publisher = {Springer-Verlag},
doi = {10.1007/978-3-540-74851-9_33},
}

@book{Glaser1992,
title = {{Basics of Grounded Theory Analysis}},
author = {Glaser, Barney},
address = {Mill Valley, CA},
publisher = {Sociology Press},
year = {1992}
}

@report{View2002,
title = {{Trusted Digital Repositories: Attributes and Responsibilities}},
subtitle = {{An RLG-OCLC Report}},
author = {Beagrie, Neil and Doerr, Marianne and Staatsbibliothek, Bayerische and Hedstrom, Margaret and  Jones, Maggie and Kenney, Anne and Lupovici, Catherine and Russell, Kelly and Webb, Colin and Woodyard, Deborah and Dale, Robin and Bellinger, Meg},
institution = {Research Libraries Group},
year = {2002},
address = {Mountain View, CA},
url = {http://www.oclc.org/resources/research/activities/trustedrep/repositories.pdf},
@note = {Online; accessed September 13, 2012},
urldate = {2012-09-13}
}

@book{Glaser1978,
title = {{Theoretical sensitivity: Advances in the methodology of grounded theory}},
author = {Glaser, Barney},
year = {1978},
address = {Mill Valley, CA},
publisher = {Sociology Press}
}

@article{Saaty2008,
title = {{Decision Making with the Analytic Hierarchy Process}},
author = {Saaty, Thomas L.},
journaltitle = {International Journal of Services Sciences},
publisher = {Inderscience},
year = {2008},
@url = {http://inderscience.metapress.com/index/02t637305v6g65n8.pdf},
doi = {10.1504/IJSSci.2008.01759}
}

@article {Vesely2004,
title = {CERN Document Server: Document Management System for Grey Literature in a Networked Environment},
author = {Vesely, Martin and Baron, Thomas and Le Meur, Jean-Yves and Simko, Tibor},
journal = {Publishing Research Quarterly},
affiliation = {CERN Document Server Bldg. 510-1-015 P.O. Box: ETT-SI CH-1211 Geneva 23 Switzerland},
address = {Berlin, Heidelberg},
publisher = {Springer-Verlag},
year = {2004},
volume = {20},
issue = {1},
pages = {77-83},
@url = {http://dx.doi.org/10.1007/BF02910863},
doi = {10.1007/BF02910863},
issn = {1053-8801}
}

@inproceedings{Transley2003, 
title={The DSpace Institutional Digital Repository System: Current Functionality}, 
author={Tansley, Robert and Bass, Mick and Stuve, David and Branschofsky, Margret and Chudnov, Daniel and McClellan, Greg and Smith, MacKenzie}, 
booktitle={Proceedings of the 2003 Joint Conference on Digital Libraries}, 
year={2003}, 
month=may, 
pages={87-97}, 
address = {Houston, United States},
publisher = {Institute of Electrical and Electronic Engineers},
doi={10.1109/JCDL.2003.1204846}
}

@inproceedings{Gutteridge2002,
title = {GNU EPrints 2 Overview},
author = {Gutteridge, Christopher},
booktitle = {11th Panhellenic Academic Libraries Conference},
year = {2002},
url = {http://eprints.soton.ac.uk/256840/},
@note = { Event Dates: 2002},
@note = {Online; accessed September 13, 2012},
urldate = {2012-09-13}
}

@article{Lagoze2006,
title = {Fedora: an architecture for complex objects and their relationships},
author = {Lagoze, Carl and Payette, Sandy and Shin, Edwin and Wilper, Chris},
journal = {International Journal on Digital Libries},
year = {2006},
month = apr,
volume = {6},
number = {2},
pages = {124--138},
address = {Berlin, Heidelberg},
publisher = {Springer-Verlag},
@url = {http://dx.doi.org/10.1007/s00799-005-0130-3},
doi = {10.1007/s00799-005-0130-3},
issn = {1432-5012}
}

@article{Witten2001,
title = {{Greenstone: open-source digital library software with end-user collection building}},
author = {Witten, Ian H. and Bainbridge, David and Boddie, Stefan J.},
journal = {Online Information Review},
year = {2001},
volume = {25},
number = {5},
pages = {288--298},
@url = {http://www.emeraldinsight.com/10.1108/14684520110410490},
doi = {10.1108/14684520110410490},
issn = {1468-4527}
}

@online{VirtanenGit4CS,
title = {{Git for Computer Scientists}},
@author = {Virtanen, Tommi},
organization = {{Tv's cobweb}},
url = {http://eagain.net/articles/git-for-computer-scientists/index.html},
year = {2010},
@note = {Online; accessed October 11, 2012},
urldate = {2012-10-11}
}

@book{Chacon2009,
@title = {Git Internals},
@title = {Getting Started},
title = {{Pro Git}},
author = {Chacon, Scott},
year = {2009},
@chapter = {Chapter 1},
@chapter = {Chapter 9},
@pages = {223--250},
address = {New York},
editor = {Taylor, Tiffany},
edition = {1st},
publisher = {Apress},
url = {http://git-scm.com/book},
isbn = {978-1430218333},
@note = {Online; accessed October 11, 2012},
urldate = {2012-10-11}
}

@online{LloydBleek2007,
title = {{The Digital Bleek and Lloyd}},
@author = {Suleman, Hussein},
year = {2007},
url = {http://lloydbleekcollection.cs.uct.ac.za/},
@note = {Online; accessed October 11, 2012},
urldate = {2012-10-11}
}

@book{Skotnes2007,
title = {{Claim to the Country - The Archive of Wilhelm Bleek and Lucy Lloyd}},
author = {Skotnes, Pippa},
year = {2007},
address = {Johannesburg, South Africa},
publisher = {Jacana Media},
@url = {http://www.cca.uct.ac.za/curations/-claim-to-the-country},
isbn = {978-1-77009-337-9}
}

@online{DokuWiki,
title = {{DokuWiki}},
subtitle = {{It's better when it's simpler}},
author = {Gohr, Andreas},
year = {2004},
url = {https://www.dokuwiki.org/dokuwiki},
@note = {Online; accessed October 11, 2012},
urldate = {2012-10-11}
}

@report{Boyko2012,
title = {{The BagIt File Packaging Format (V0.97)}},
author = {Boyko, Andy and Kunze, John A. and Littman, Justin and Madden, Liz and Vargas, Brian},
institution = {Internet Engineering Task Force},
year = {2012},
version = {0.97},
publisher = {Internet Engineering Task Force},
url = {http://tools.ietf.org/html/draft-kunze-bagit},
@note = {Online; accessed October 11, 2012},
urldate = {2012-10-11}
}

@online{Pairtrees,
title = {{Pairtrees for Object Storage}},
author = {Kunze, John A. and Haye, Martin and Herzner, Erik and Reyes, Mark and Snavely, Cory},
year = {2008},
url = {https://confluence.ucop.edu/display/Curation/PairTree},
@note = {Online; accessed October 11, 2012},
urldate = {2012-10-11}
}

@inbook{Raymond2004,
title = {{Textuality}},
subtitle = {{The Importance of Being Textual}},
author = {Raymond, Erick Steven},
booktitle = {{The Art of Unix Programming}},
year = {2004},
chapter = {Chapter 5},
pages = {105--111},
address = {Boston, Massachusetts},
editor = {Kernighan, Brian W.},
edition = {1st},
publisher = {Addison-Wesley Professional},
url = {http://www.faqs.org/docs/artu},
@note = {Online; accessed October 17, 2012},
urldate = {2012-10-17},
isbn = {ISBN 0-13-142901-9}
}

@inbook{Sadalage2004,
title = {{Why NoSQL?}},
author = {Sadalage, Pramod J. and Fowler, Martin},
booktitle = {{NoSQL Distilled}},
booksubtitle = {{A Brief Guide to the Emerging World of Plyglot Persistence}},
year = {2012},
chapter = {Chapter 1},
pages = {1--12},
address = {Boston, Massachusetts},
editor = {Sadalage, Pramod J. and Fowler, Martin},
edition = {1st},
publisher = {Addison-Wesley Professional},
isbn = {ISBN 0-321-82662-0}
}

@article{Phiri2012,
title = {In Search of Simplicity: Redesigning the Digital Bleek and Lloyd},
author = {Phiri, Lighton and Suleman, Hussein},
journal = {DESIDOC Journal of Library \& Information Technology},
year = {2012},
month = jul,
volume = {32},
number = {4},
pages = {306--312},
@address = {Delhi, India},
publisher = {DESIDOC, Ministry of Defence, India},
url = {http://publications.drdo.gov.in/ojs/index.php/djlit/article/view/2524},
@note = {Online; accessed October 25, 2012},
urldate = {2012-10-25}
}

@article{Ghemawat2003,
title = {The Google File System},
author = {Ghemawat, Sanjay and Gobioff, Howard and Leung, Shun-Tak},
journal = {ACM SIGOPS Operating Systems Review},
year = {2003},
month = oct,
volume = {37},
number = {5},
pages = {29--43},
address = {New York, USA},
publisher = {ACM Press},
@url = {http://doi.acm.org/10.1145/1165389.945450},
doi = {10.1145/1165389.945450},
issn = {0163-5980}
} 

@online{Borthakur2007,
title = {{The Hadoop Distributed File System: Architecture and Design}},
author = {Borthakur, Dhruba},
year = {2007},
url = {http://hadoop.apache.org/docs/r0.18.0/hdfs_design.pdf},
@note = {Online; accessed October 25, 2012},
urldate = {2012-10-25}
}

@online{Gantz2008,
title = {{The Diverse and Exploding Digital Universe}},
subtitle = {{An Updated Forecast of Worldwide Information Growth Through 2011}},
author = {Gantz, John F. and Chute, Christopher and Manfrediz, Alex and Minton, Stephen and Reinsel, David and Schlichting, Wolfgang and Toncheva, Anna},
year = {2008},
url = {http://www.emc.com/collateral/analyst-reports/diverse-exploding-digital-universe.pdf},
@note = {Online; accessed October 27, 2012},
urldate = {2012-10-27}
}

@article{Gilbert2002,
title = {Brewer's Conjecture and the Feasibility of Consistent, Available, Partition-Tolerant Web Services},
author = {Gilbert, Seth and Lynch, Nancy},
journal = {ACM SIGACT News},
year = {2002},
month = jun,
volume = {33},
number = {2},
pages = {51--59},
address = {New York, USA},
publisher = {ACM Press},
@url = {http://doi.acm.org/10.1145/564585.564601},
doi = {10.1145/564585.564601},
issn = {0163-5700}
}

@article{Kucsma2010,
title = {{Using Omeka to Build Digital Collections: The METRO Case Study}},
author = {Kucsma, Jason and Reiss, Kevin and Sidman, Angela},
journaltitle = {D-Lib Magazine},
journalsubtitle = {The Magazine of Digital Library Research},
year = {2010},
month = mar,
volume = {16},
number = {3/4},
@url = {http://www.dlib.org/dlib/march10/kucsma/03kucsma.html},
doi = {10.1045/march2010-kucsma},
issn = {1082-9873}
}

@online{ETDdbHome,
title = {{ETD-db: Home}},
url = {http://scholar.lib.vt.edu/ETD-db/index.shtml},
year = {2012},
@note = {Online; accessed October 29, 2012},
urldate = {2012-10-29}
}

@online{Hillmann2005,
title = {{Using Dublin Core}},
author = {Hillmann, Diane},
year = {2005},
url = {http://dublincore.org/documents/usageguide},
@note = {Online; accessed October 31, 2012},
urldate = {2012-10-31}
}

@inproceedings{Lagoze2001,
title = {The Open Archives Initiative: Building a Low-Barrier Interoperability Framework},
author = {Lagoze, Carl and Van de Sompel, Herbert},
booktitle = {Proceedings of the 1st ACM/IEEE-CS Joint Conference on Digital Libraries},
year = {2001},
@location = {Roanoke, Virginia, United States},
pages = {54--62},
address = {New York, USA},
publisher = {ACM Press},
@url = {http://doi.acm.org/10.1145/379437.379449},
doi = {10.1145/379437.379449}
} 

@online{Bray2008,
title = {{Extensible Markup Language (XML) 1.0 (Fifth Edition)}},
subtitle = {{W3C Recommendation 26 November 2008}},
author = {Bray, Tim and Paoli, Jean and Sperberg-McQueen, Michel C. and Maler, Eve and Yergeau, Fran\c{c}ois},
year = {2008},
url = {http://www.w3.org/TR/xml},
@note = {Online; accessed November 19, 2012},
urldate = {2012-11-19}
}

@inproceedings{Lee2007,
title = {{Capturing Software Architectural Design Decisions}},
booktitle = {Canadian Conference on Electrical and Computer Engineering},
author = {Lee, Larix and Kruchten, Philippe},
year = {2007},
pages = {686--689},
publisher = {IEEE},
@url = {http://ieeexplore.ieee.org/lpdocs/epic03/wrapper.htm?arnumber=4232835},
doi = {10.1109/CCECE.2007.176},
isbn = {1-4244-1020-7}
}

@inproceedings{Kruchten2005,
title = {{Building up and Exploiting Architectural Knowledge}},
booktitle = {5th Working IEEE/IFIP Conference on Software Architecture},
author = {Kruchten, Philippe and Lago, Patricia and van Vliet, Hans and Wolf, Timo},
year = {2005},
pages = {291--292},
publisher = {IEEE},
@url = {http://ieeexplore.ieee.org/lpdocs/epic03/wrapper.htm?arnumber=1620147},
doi = {10.1109/WICSA.2005.19},
isbn = {0-7695-2548-2}
}

@article{Lee1991,
title = {{What's in Design Rationale?}},
author = {Lee, Jintae and Lai, Kum-Yew},
journal = {Human-Computer Interaction},
year = {1991},
month = sep,
volume = {6},
number = {3},
pages = {251--280},
@url = {http://dl.acm.org/citation.cfm?id=1456153.1456156},
doi = {10.1207/s15327051hci0603&4_3},
issn = {0737-0024}
}

@article{MacLean1991,
title = {{Questions, Options, and Criteria: Elements of Design Space Analysis}},
author = {MacLean, Allan and Young, Richard and Bellotti, Victoria and Moran, Thomas},
journal = {Human-Computer Interaction},
year = {1991},
month = sep,
volume = {6},
number = {3},
pages = {201--250},
@url = {http://dl.acm.org/citation.cfm?id=1456155},
doi = {10.1207/s15327051hci0603&4_2},
issn = {0737-0024}
}

@article{Conklin1991,
title = {{A Process-Oriented Approach to Design Rationale}},
author = {Conklin, Jeffrey E. and Yakemovic, Burgess K.C.},
journal = {Human-Computer Interaction},
year = {1991},
month = sep,
volume = {6},
number = {3},
pages = {357--391},
@url = {http://dl.acm.org/citation.cfm?id=1456159},
doi = {10.1207/s15327051hci0603&4_6},
issn = {0737-0024}
}

@article{Kruchten2004,
title = {{An Ontology of Architectural Design Decisions in Software-Intensive Systems}},
author = {Kruchten, Philippe},
journal = {2nd Groningen Workshop on Software Variability},
year = {2004},
pages = {1--8},
url = {https://courses.ece.ubc.ca/~417/public/Kruchten-2004.pdf},
@note = {Online; accessed December 14, 2012},
urldate = {2012-12-14}
}

@online{Lagoze2002a,
title = {{Implementation Guidelines for the Open Archives Initiative Protocol for Metadata Harvesting}},
subtitle = {{Guidelines for Repository Implementers}},
author = {Lagoze, Carl and  Sompel, Herbert Van de and Nelson, Michael and Warner, Simeon},
year = {2002},
url ={http://www.openarchives.org/OAI/2.0/guidelines-repository.htm},
@note = {Online; accessed December 14, 2012},
urldate = {2012-12-14}
}

@online{Suleman2002,
title = {{OAI-PMH2 XMLFile File-based Data Provider}},
author = {Suleman, Hussein},
year = {2002},
url ={http://www.dlib.vt.edu/projects/OAI/software/xmlfile/xmlfile.html},
@note = {Online; accessed December 23, 2012},
urldate = {2012-12-23}
}

@online{Fulmer2012,
title = {{Siege Home}},
author = {Fulmer, Jeff},
year = {2012},
url ={http://www.joedog.org/siege-home/},
@note = {Online; accessed December 23, 2012},
urldate = {2012-12-23}
}

@online{ApacheSolr2012,
title = {{Apache Solr}},
organization = {The Apache Software Foundation},
year = {2012},
url ={http://lucene.apache.org/solr/},
@note = {Online; accessed December 23, 2012},
urldate = {2012-12-23}
}

@online{SolrDIH2012,
title = {Solr Wiki},
subtitle = {{Data Import Request Handler}},
year = {2012},
url ={http://wiki.apache.org/solr/DataImportHandler},
@note = {Online; accessed December 25, 2012},
urldate = {2012-12-25}
}

@online{Jetty2012,
title = {{Jetty://}},
organization = {Eclipse Foundation},
year = {2012},
url ={http://www.eclipse.org/jetty/},
@note = {Online; accessed December 27, 2012},
urldate = {2012-12-27}
}

@online{SolrXSLTURH2012,
title = {Solr Wiki},
subtitle = {{XsltUpdateRequestHandler}},
year = {2012},
url ={http://wiki.apache.org/solr/XsltUpdateRequestHandler},
@note = {Online; accessed February 10, 2013},
urldate = {2013-02-10}
}

@online{ApacheBench2012,
title = {{Apache HTTP Server Version 2.2}},
subtitle = {{ab - Apache HTTP server benchmarking tool}},
organization = {The Apache Software Foundation},
year = {2012},
url ={http://httpd.apache.org/docs/2.2/programs/ab.html},
@note = {Online; accessed February 14, 2012},
urldate = {2012-02-14}
}

@report{Crawford2012,
title = {{School of Rock Art}},
author = {Crawford, Kaitlyn and Lawrence, Marco and Marston, Joanne},
institution = {University of Cape Town},
year = {2012},
url = {http://pubs.cs.uct.ac.za/honsproj/cgi-bin/view/2012/crawford_lawrence_marston.zip/index.html},
@note = {Online; accessed February 14, 2013},
urldate = {2012-02-14}
}

@report{Hammer2011,
title = {{Bonolo}},
author = {Hammer, Stuart and Robinson, Miles},
institution = {University of Cape Town},
year = {2011},
url = {http://pubs.cs.uct.ac.za/honsproj/cgi-bin/view/2011/hammar_robinson.zip/Website/index.html},
@note = {Online; accessed February 14, 2013},
urldate = {2012-02-14}
}

@inproceedings{Phiri2012a,
title = {Bonolo: A General Digital Library System for File-Based Collections},
author = {Phiri, Lighton and Williams, Kyle and Robinson, Miles and Hammar, Stuart and Suleman, Hussein},
booktitle = {Proceedings of the 14th International Conference on Asia-Pacific Digital Libraries},
pages = {49--58},
@series = {Lecture Notes in Computer Science},
year = {2012},
address = {Berlin, Heidelberg},
editor = {Chen, Hsin-Hsi and Chowdhury, Gobinda},
publisher = {Springer Berlin / Heidelberg},
@volume = {7634},
doi = {10.1007/978-3-642-34752-8_6},
@url = {http://dx.doi.org/10.1007/978-3-642-34752-8_6},
isbn = {978-3-642-34751-1}
}

@report{Wiltshire2011,
title = {{Spatial analysis of archaeological sites in the Western Cape using an integrated digital archive}},
author = {Wiltshire, Nicolas},
institution = {University of Cape Town},
year = {2011},
@url = {http://hdl.handle.net/11180/2259},
@note = {Online; accessed February 14, 2013},
urldate = {2012-02-14},
eprint = {11180/2259},
eprinttype = {hdl}
}

@inproceedings{Bainbridge2004,
title = {Dynamic Digital Library Construction and Configuration},
author = {Bainbridge, David and Don, Katherine J. and Buchanan, George R. and Witten, Ian H. and Jones, Steve and Jones, Matt and Barr, Malcolm I.},
@affiliation = {Department of Computer Science, University of Waikato, Hamilton, New Zealand, Phone (+64) 7 838 4407, fax (+64) 7 858 5095},
booktitle = {Research and Advanced Technology for Digital Libraries},
pages = {1--13},
@series = {Lecture Notes in Computer Science},
year = {2004},
editor = {Heery, Rachel and Lyon, Liz},
publisher = {Springer Berlin / Heidelberg},
keyword = {Computer Science},
@volume = {3232},
doi = {10.1007/978-3-540-30230-8_1},
@url = {http://dx.doi.org/10.1007/978-3-540-30230-8_1},
isbn = {978-3-540-23013-7}
}

@inproceedings{Nicola2003,
title={XML Parsing: A Threat to Database Performance},
author={Nicola, Matthias and John, Jasmi},
booktitle={Proceedings of the twelfth international conference on Information and knowledgemanagement},
series={CIKM'03},
year={2003},
isbn={1-58113-723-0},
@location={New Orleans, LA, USA},
pages={175--178},
numpages={4},
doi={10.1145/956863.956898},
@url={http://doi.acm.org/10.1145/956863.956898},
acmid={956898},
publisher={ACM Press},
address={New York, NY, USA}
}

@article{Sears2007,
title={To BLOB or Not To BLOB: Large Object Storage in a Database or a Filesystem?},
author={Sears, Russell and van Ingen, Catharine and Gray, Jim},
journal={CoRR},
volume={abs/cs/0701168},
year={2007},
@url={http://arxiv.org/abs/cs/0701168},
eprint = {cs/0701168},
eprinttype = {arxiv},
@bibsource = {DBLP, http://dblp.uni-trier.de},
@note = {Online; accessed February 17, 2013},
urldate = {2012-02-17}
}

@online{Nielsen1993,
title = {{Response Times: The 3 Important Limits}},
author = {Nielsen, Jakob},
year = {1993},
url ={http://www.nngroup.com/articles/response-times-3-important-limits},
@note = {Online; accessed March 29, 2013},
urldate = {2013-03-29}
}

@article{Misra2008,
title={Testing the scalability of a DSpace-based archive},
author={Misra, Dharitri and Seamans, James and Thoma, George R.},
journal={Proceedings of the IS\&T Archiving},
location={Bern, Switzerland},
pages={36--40},
year={2008}
}

@inproceedings{Bainbridge2009,
title={Stress-Testing General Purpose Digital Library Software},
author={Bainbridge, David and Witten, IanH. and Boddie, Stefan and Thompson, John},
booktitle={Research and Advanced Technology for Digital Libraries},
pages={203--214},
@series={Lecture Notes in Computer Science},
year={2009},
editor={Agosti, Maristella and Borbinha, Jos\'{e} and Kapidakis, Sarantos and Papatheodorou, Christos and Tsakonas, Giannis},
publisher={Springer Berlin Heidelberg},
@volume={5714},
doi={10.1007/978-3-642-04346-8_21},
@url={http://dx.doi.org/10.1007/978-3-642-04346-8_21},
isbn={978-3-642-04345-1}
}

@online{FIZ2012,
title = {{Fedora Performance and Scalability Wiki}},
year = {2012},
url ={http://fedora.fiz-karlsruhe.de/docs},
@note = {Online; accessed March 29, 2013},
urldate = {2013-03-29}
}

@article{Borgman2002,
title={Fourth DELOS workshop. Evaluation of digital libraries: Testbeds, measurements, and metrics},
author={Borgman, Christine L and S{\o}lvberg, Ingeborg and Kov{\'a}cs, L{\'a}szl{\'o}},
journal={Budapest: Hungarian Academy of Sciences},
year={2002}
}

@online{DELOSW72004,
title = {{DELOS Workshop on the Evaluation of Digital Libraries}},
year = {2004},
url ={http://dlib.ionio.gr/wp7/workshop2004.html},
@note = {Online; accessed March 30, 2013},
urldate = {2013-03-30}
}

@inproceedings{Fuhr2001,
title={Digital Libraries: A Generic Classification and Evaluation Scheme},
author={Fuhr, Norbert and Hansen, Preben and Mabe, Michael and Micsik, Andras and S{\o}lvberg, Ingeborg},
booktitle={Research and Advanced Technology for Digital Libraries},
@volume={2163},
@series={Lecture Notes in Computer Science},
year={2001},
editor={Constantopoulos, Panos and S{\o}lvberg, Ingeborg T.},
publisher={Springer Berlin Heidelberg},
pages={187-199},
doi={10.1007/3-540-44796-2_17},
@url={http://dx.doi.org/10.1007/3-540-44796-2_17},
isbn={978-3-540-42537-3}
}

@article{Fuhr2007,
title={Evaluation of digital libraries},
author={Fuhr, Norbert and Tsakonas, Giannis and Aalberg, Trond and Agosti, Maristella and Hansen, Preben and Kapidakis, Sarantos and Klas, Claus-Peter and Kov\'{a}cs, L\'{a}szl\'{o} and Landoni, Monica and Micsik, Andr\'{a}s and Papatheodorou, Christos and Peters, Carol and S{\o}lvberg, Ingeborg},
year={2007},
journal={International Journal on Digital Libraries},
volume={8},
number={1},
doi={10.1007/s00799-007-0011-z},
@url={http://dx.doi.org/10.1007/s00799-007-0011-z},
publisher={Springer-Verlag},
pages={21-38},
issn={1432-5012}
}

@online{Apache2012,
title = {{The Apache HTTP Server Project}},
organization = {The Apache Software Foundation},
year = {2012},
url ={http://httpd.apache.org},
@note = {Online; accessed March 30, 2013},
urldate = {2013-03-30}
}

@online{DLWG1998,
title = {{D-Lib Working Group on Digital Library Metrics}},
year = {1998},
url ={http://www.dlib.org/metrics/public/index.html},
@note = {Online; accessed March 30, 2013},
urldate = {2013-03-30}
}

@online{DSpace2013,
title = {DSpace Wiki},
subtitle = {{DSpace 3.x Documentation}},
organization = {DuraSpace},
year = {2013},
url = {https://wiki.duraspace.org/display/DSDOC3x/DSpace+3.x+Documentation},
@note = {Online; accessed March 30, 2013},
urldate = {2013-03-30}
}

@inproceedings{Frew1998,
title={The Alexandria Digital Library Architecture},
author={Frew, James and Freeston, Michael and Freitas, Nathan and Hill, Linda and Janee, Greg and Lovette, Kevin and Nideffer, Robert and Smith, Terence and Zheng, Qi},
booktitle={Research and Advanced Technology for Digital Libraries},
pages={61-73},
@volume={1513},
@series={Lecture Notes in Computer Science},
year={1998},
publisher={Springer Berlin Heidelberg},
doi={10.1007/3-540-49653-X_5},
@url={http://dx.doi.org/10.1007/3-540-49653-X_5},
isbn={978-3-540-65101-7}
}

@article{Baldonado1997,
title={The Stanford Digital Library metadata architecture},
author={Baldonado, Michelle and Chang, Chen-Chuan K. and Gravano, Luis and Paepcke, Andreas},
journal={International Journal on Digital Libraries},
pages={108-121},
volume={1},
number={2},
year={1997},
@url={http://dx.doi.org/10.1007/s007990050008},
publisher={Springer-Verlag},
doi={10.1007/s007990050008},
issn={1432-5012}
}

@inproceedings{Janee2002,
author = {Jan{\'e}e, Greg and Frew, James},
title = {The ADEPT digital library architecture},
booktitle = {Proceedings of the 2nd ACM/IEEE-CS joint conference on Digital libraries},
series = {JCDL '02},
numpages = {9},
year = {2002},
@location = {Portland, Oregon, USA},
pages = {342--350},
publisher = {ACM Press},
address = {New York, NY, USA},
doi = {10.1145/544220.544306},
@url = {http://doi.acm.org/10.1145/544220.544306},
acmid = {544306},
isbn = {1-58113-513-0}
}

@online{Moin2013,
title = {{The MoinMoin Wiki Engine}},
year = {2013},
url ={https://wiki.duraspace.org/display/DSDOC3x/DSpace+3.x+Documentation},
@note = {Online; accessed March 30, 2013},
urldate = {2013-03-30}
}

@book{Leuf2001,
author = {Leuf, Bo and Cunningham, Ward},
title = {The Wiki way: quick collaboration on the Web},
year = {2001},
publisher = {Addison-Wesley Longman Publishing Co., Inc.},
address = {Boston, MA, USA},
isbn = {0-201-71499-X}
}

@online{Ward1995,
title = {{What is Wiki}},
year = {1995},
url = {http://wiki.org/wiki.cgi?WhatIsWiki},
@note = {Online; accessed March 30, 2013},
urldate = {2013-03-30}
}

@article{Paskin2010,
title = {Digital object identifier (DOI) system},
author = {Paskin, Norman},
journal = {Encyclopedia of library and information sciences},
volume = {3},
pages = {1586--1592},
year = {2010},
publisher = {CRC Press Boca Raton, FL},
doi = {10.1081/E-ELIS3-120044418},
@url = {http://www.doi.org/overview/080625DOI-ELIS-Paskin.pdf},
@note = {Online; accessed March 30, 2013}
}

@article{Paskin2005,
title = {Digital Object Identifiers for scientific data},
author = {Paskin, Norman},
journal = {Data Science Journal},
volume = {4},
@number = { },
pages = {12--20},
year = {2005},
doi = {10.2481/dsj.4.12}
}

@report{RFC39862005,
title = {{RFC 3986}},
subtitle = {{Uniform Resource Identifier (URI): Generic Syntax}},
author = {Berners-Lee, Tim and Fielding, Roy and Masinter, Larry},
publisher = {Network Working Group},
year = {2005},
institution = {The Internet Engineering Task Force},
url = {http://www.ietf.org/rfc/rfc3986.txt},
@note = {Online; accessed March 31, 2013},
urldate = {2013-03-31}
}

@online{GutenbergAbout,
title = {{About Gutenberg}},
year = {2011},
organization = {{Project Gutenberg}},
url = {http://www.gutenberg.org/wiki/Gutenberg:About},
@note = {Online; accessed March 31, 2013},
urldate = {2013-03-31}
}

@inproceedings{Korber2008,
title={Usability of Digital Repository Software: A Study of DSpace Installation and Configuration},
author={K\"{o}rber, Nils and Suleman, Hussein},
booktitle={Digital Libraries: Universal and Ubiquitous Access to Information},
volume={5362},
pages={31--40},
year={2008},
@series={Lecture Notes in Computer Science},
editor={Buchanan, George and Masoodian, Masood and Cunningham, SallyJo},
publisher={Springer Berlin Heidelberg},
doi={10.1007/978-3-540-89533-6_4},
@url={http://dx.doi.org/10.1007/978-3-540-89533-6_4},
isbn={978-3-540-89532-9}
}

@inproceedings{Maly2004,
title = {Light-Weight Communal Digital Libraries},
author = {Maly, Kurt J. and Nelson, Michael L. and Zubair, Mohammad and Amrou, Ashraf and Kothasama, S. and Wang, Lan and Luce, Richard},
booktitle = {Proceedings of the 4th ACM/IEEE-CS joint conference on Digital libraries},
series = {JCDL '04},
year = {2004},
@location = {Tuscon, AZ, USA},
pages = {237--238},
numpages = {2},
publisher = {ACM Press},
address = {New York, NY, USA},
doi = {10.1145/996350.996403},
@url = {http://doi.acm.org/10.1145/996350.996403},
acmid = {996403},
isbn = {1-58113-832-6}
}

@online{Eprints3APT2011,
title = {{Installing EPrints 3 via apt (Debian/Ubuntu)}},
url = {http://wiki.eprints.org/w/Installing_EPrints_3_via_apt_(Debian/Ubuntu)},
year = {2011},
@note = {Online; accessed March 31, 2013},
urldate = {2013-03-31}
}

@online{DSpace3Versioning2012,
title = {{Item Level Versioning}},
subtitle = {{DSpace 3.x Documentation}},
organisation = {DuraSpace},
year = {2012},
url = {https://wiki.duraspace.org/display/DSDOC3x/Item+Level+Versioning},
@note = {Online; accessed March 31, 2013},
urldate = {2013-03-31}
}

@online{Ubuntu122013,
title = {{Ubuntu 12.04.2 LTS (Precise Pangolin)}},
url = {http://releases.ubuntu.com/precise/},
year = {2012},
@note = {Online; accessed April 1, 2013},
urldate = {2013-04-01}
}

@manual{Greenstone3,
title = {{Greenstone3: A modular digital library}},
author={Don, Katherine},
url = {http://www.greenstone.org/docs/greenstone3/manual.pdf},
year = {2006},
@note = {Online; accessed April 1, 2013},
urldate = {2013-04-01}
}

@inbook{Elmasri2008,
title={The Relational Data Model and Relational Database Constraints},
author={Elmasri, Ramez and Navathe, Shamkant B.},
booktitle = {Fundamentals Of Database Systems, 5/E},
year={2008},
chapter = {Chapter 3},
editor = {Goldstein, Matt},
edition = {6th},
publisher={Pearson Education Inc.},
isbn = {0-136-08620-9}
}

@inproceedings{Pepe2005,
title = {{CERN Document Server Software: the integrated digital library}},
author = {Pepe, Alberto and Baron, Thomas and Gracco, Maja and Le Meur, Jean-Yves. and Robinson, Nicholas and Simko, Tibor and Vesely, Martin},
booktitle = {9th ICCC International Conference on Electronic Publishing},
editor = {Dobreva, Milena and Engelen, Jan},
address = {Leuven, Belgium},
pages = {297--302},
year = {2005},
url = {http://cds.cern.ch/record/853565/}
}

@article{Smith2003,
title = {{DSpace}},
subtitle = {{An Open Source Dynamic Digital Repository}},
author = {Smith, MacKenzie and Barton, Mary and Branschofsky, Margret and McClellan, Greg and Walker, Julie Harford and Bass, Mick and Stuve, Dave and Tansley, Robert},
journal = {D-Lib Magazine},
month = jan,
number = {1},
volume = {9},
year = {2003},
@url = {http://www.dlib.org/dlib/january03/smith/01smith.html},
issn = {1082-9873},
doi = {10.1045/january2003-smith}
}

@article{Tansley2003a,
title = {{DSpace as an open archival information system: Current status and future directions}},
author = {Tansley, Robert and Bass, Mick and Smith, MacKenzie},
editor = {Koch, Traugott and S{\o}lvberg, Ingeborg},
@journal = {System},
@number = {November 2002},
pages = {446--460},
publisher = {Springer-Verlag},
series = {Lecture Notes in Computer Science},
volume = {2769},
year = {2003},
@url = {http://www.springerlink.com/index/HDEPD4443HL00K4K.pdf},
isbn = {354040726X},
doi = {10.1007/978-3-540-45175-4\_41}
}

@inproceedings{Park2011,
title = {{VT ETD-db 2.0: Rewriting the ETD-db System}},
author = {Park, Sung Hee and Mather, Paul and Weeks, Kimberli and Brittle, Collin and Fox Edward A. and McMillan Gail},
booktitle = {14th International Symposium on Electronic Theses and Dissertations},
@editor = {},
address = {Cape Town, South Africa},
@pages = {},
year = {2011},
url = {http://dl.cs.uct.ac.za/conferences/etd2011/papers/etd2011_park.pdf}
}
